<record><leader>00000cas a22000007a 4500</leader><controlfield tag="001">21314629</controlfield><controlfield tag="008">900403d19531956aruwr ne      0    0eng d</controlfield><datafield ind1=" " ind2=" " tag="010"><subfield code="a">sn 90050113 </subfield></datafield><datafield ind1=" " ind2=" " tag="040"><subfield code="a">ANU</subfield><subfield code="b">eng</subfield><subfield code="c">ANU</subfield><subfield code="d">OCLCQ</subfield></datafield><datafield ind1=" " ind2=" " tag="042"><subfield code="a">msc</subfield></datafield><datafield ind1="0" ind2=" " tag="130"><subfield code="a">Advocate (Augusta, Ark.)</subfield></datafield><datafield ind1="1" ind2="4" tag="245"><subfield code="a">The Advocate.</subfield></datafield><datafield ind1="3" ind2="0" tag="246"><subfield code="a">Augusta advocate</subfield></datafield><datafield ind1=" " ind2=" " tag="260"><subfield code="a">Augusta, Ark. :</subfield><subfield code="b">David G. Griffiths</subfield></datafield><datafield ind1=" " ind2=" " tag="300"><subfield code="a">v.</subfield></datafield><datafield ind1=" " ind2=" " tag="310"><subfield code="a">Weekly</subfield></datafield><datafield ind1="0" ind2=" " tag="362"><subfield code="a">Vol. 94, no. 15 (May 28, 1953)-v. 97, no. 24 (July 26, 1956).</subfield></datafield><datafield ind1=" " ind2=" " tag="500"><subfield code="a">Published as: Augusta advocate, Mar. 1, 1956.</subfield></datafield><datafield ind1=" " ind2=" " tag="752"><subfield code="a">United States</subfield><subfield code="b">Arkansas</subfield><subfield code="c">Woodruff</subfield><subfield code="d">Augusta.</subfield></datafield><datafield ind1="0" ind2="0" tag="780"><subfield code="t">Augusta advocate (Augusta, Ark. : 1924)</subfield><subfield code="w">(DLC)sn 90050105</subfield></datafield><datafield ind1="0" ind2="0" tag="785"><subfield code="t">Augusta advocate (Augusta, Ark. : 1956)</subfield><subfield code="w">(DLC)sn 90050112</subfield></datafield></record>